<record><leader>00000cas a22000007a 4500</leader><controlfield tag="001">15046033</controlfield><controlfield tag="008">870108d185u185uinuwr ne      0    0eng d</controlfield><datafield ind1=" " ind2=" " tag="010"><subfield code="a">sn 87055027 </subfield></datafield><datafield ind1=" " ind2=" " tag="040"><subfield code="a">NPI</subfield><subfield code="b">eng</subfield><subfield code="c">NPI</subfield><subfield code="d">OCLCQ</subfield></datafield><datafield ind1=" " ind2=" " tag="042"><subfield code="a">msc</subfield></datafield><datafield ind1="0" ind2="4" tag="245"><subfield code="a">The Tipton County Democrat.</subfield></datafield><datafield ind1=" " ind2=" " tag="260"><subfield code="a">Tipton, Ind. :</subfield><subfield code="b">A.M. Vickrey</subfield></datafield><datafield ind1=" " ind2=" " tag="310"><subfield code="a">Weekly</subfield></datafield><datafield ind1=" " ind2=" " tag="588"><subfield code="a">Description based on: Vol. 1, no. 26 (Apr. 18, 1856).</subfield></datafield><datafield ind1=" " ind2=" " tag="752"><subfield code="a">United States</subfield><subfield code="b">Indiana</subfield><subfield code="c">Tipton</subfield><subfield code="d">Tipton.</subfield></datafield><datafield ind1="0" ind2="0" tag="785"><subfield code="t">Western dominion</subfield><subfield code="w">(DLC)sn 87055028</subfield></datafield></record>